<record><leader>00000cas a22000007a 4500</leader><controlfield tag="001">15370349</controlfield><controlfield tag="008">870326d19641965txucr ne      0    0eng d</controlfield><datafield ind1=" " ind2=" " tag="010"><subfield code="a">sn 87090049 </subfield></datafield><datafield ind1=" " ind2=" " tag="040"><subfield code="a">PPM</subfield><subfield code="b">eng</subfield><subfield code="c">PPM</subfield><subfield code="d">OCLCQ</subfield></datafield><datafield ind1=" " ind2=" " tag="042"><subfield code="a">msc</subfield></datafield><datafield ind1="0" ind2="0" tag="245"><subfield code="a">Pecos news.</subfield></datafield><datafield ind1=" " ind2=" " tag="260"><subfield code="a">Pecos, Tex. :</subfield><subfield code="b">[s.n.],</subfield><subfield code="c">1964-</subfield></datafield><datafield ind1=" " ind2=" " tag="310"><subfield code="a">Semiweekly</subfield></datafield><datafield ind1="0" ind2=" " tag="362"><subfield code="a">Vol. 3, no. 178 (Mar. 24, 1964)-</subfield></datafield><datafield ind1="1" ind2=" " tag="362"><subfield code="a">Ceased in 1965.</subfield></datafield><datafield ind1=" " ind2=" " tag="752"><subfield code="a">United States</subfield><subfield code="b">Texas</subfield><subfield code="c">Reeves</subfield><subfield code="d">Pecos.</subfield></datafield><datafield ind1="0" ind2="0" tag="780"><subfield code="t">Pecos daily news</subfield><subfield code="w">(DLC)sn 86088990</subfield></datafield><datafield ind1="0" ind2="7" tag="785"><subfield code="t">Pecos independent and enterprise</subfield><subfield code="w">(DLC)sn 86088991</subfield></datafield><datafield ind1="0" ind2="7" tag="785"><subfield code="t">Pecos independent-news and enterprise</subfield><subfield code="w">(DLC)sn 87090050</subfield></datafield></record>